%YAML 1.1
%TAG !u! tag:unity3d.com,2011:
--- !u!29 &1
OcclusionCullingSettings:
  m_ObjectHideFlags: 0
  serializedVersion: 2
  m_OcclusionBakeSettings:
    smallestOccluder: 5
    smallestHole: 0.25
    backfaceThreshold: 100
  m_SceneGUID: 00000000000000000000000000000000
  m_OcclusionCullingData: {fileID: 0}
--- !u!104 &2
RenderSettings:
  m_ObjectHideFlags: 0
  serializedVersion: 8
  m_Fog: 0
  m_FogColor: {r: 0.5, g: 0.5, b: 0.5, a: 1}
  m_FogMode: 3
  m_FogDensity: 0.01
  m_LinearFogStart: 0
  m_LinearFogEnd: 300
  m_AmbientSkyColor: {r: 0.212, g: 0.227, b: 0.259, a: 1}
  m_AmbientEquatorColor: {r: 0.114, g: 0.125, b: 0.133, a: 1}
  m_AmbientGroundColor: {r: 0.047, g: 0.043, b: 0.035, a: 1}
  m_AmbientIntensity: 3
  m_AmbientMode: 0
  m_SubtractiveShadowColor: {r: 0.42, g: 0.478, b: 0.627, a: 1}
  m_SkyboxMaterial: {fileID: 10304, guid: 0000000000000000f000000000000000, type: 0}
  m_HaloStrength: 0.5
  m_FlareStrength: 1
  m_FlareFadeSpeed: 3
  m_HaloTexture: {fileID: 0}
  m_SpotCookie: {fileID: 10001, guid: 0000000000000000e000000000000000, type: 0}
  m_DefaultReflectionMode: 0
  m_DefaultReflectionResolution: 128
  m_ReflectionBounces: 1
  m_ReflectionIntensity: 1
  m_CustomReflection: {fileID: 0}
  m_Sun: {fileID: 0}
  m_IndirectSpecularColor: {r: 0.37312013, g: 0.3807403, b: 0.35872707, a: 1}
--- !u!157 &3
LightmapSettings:
  m_ObjectHideFlags: 0
  serializedVersion: 11
  m_GIWorkflowMode: 0
  m_GISettings:
    serializedVersion: 2
    m_BounceScale: 1
    m_IndirectOutputScale: 1
    m_AlbedoBoost: 1
    m_TemporalCoherenceThreshold: 1
    m_EnvironmentLightingMode: 0
    m_EnableBakedLightmaps: 1
    m_EnableRealtimeLightmaps: 1
  m_LightmapEditorSettings:
    serializedVersion: 9
    m_Resolution: 2
    m_BakeResolution: 40
    m_TextureWidth: 1024
    m_TextureHeight: 1024
    m_AO: 0
    m_AOMaxDistance: 1
    m_CompAOExponent: 1
    m_CompAOExponentDirect: 0
    m_Padding: 2
    m_LightmapParameters: {fileID: 0}
    m_LightmapsBakeMode: 1
    m_TextureCompression: 1
    m_FinalGather: 0
    m_FinalGatherFiltering: 1
    m_FinalGatherRayCount: 256
    m_ReflectionCompression: 2
    m_MixedBakeMode: 2
    m_BakeBackend: 0
    m_PVRSampling: 1
    m_PVRDirectSampleCount: 32
    m_PVRSampleCount: 500
    m_PVRBounces: 2
    m_PVRFilterTypeDirect: 0
    m_PVRFilterTypeIndirect: 0
    m_PVRFilterTypeAO: 0
    m_PVRFilteringMode: 1
    m_PVRCulling: 1
    m_PVRFilteringGaussRadiusDirect: 1
    m_PVRFilteringGaussRadiusIndirect: 5
    m_PVRFilteringGaussRadiusAO: 2
    m_PVRFilteringAtrousPositionSigmaDirect: 0.5
    m_PVRFilteringAtrousPositionSigmaIndirect: 2
    m_PVRFilteringAtrousPositionSigmaAO: 1
  m_LightingDataAsset: {fileID: 0}
  m_UseShadowmask: 1
--- !u!196 &4
NavMeshSettings:
  serializedVersion: 2
  m_ObjectHideFlags: 0
  m_BuildSettings:
    serializedVersion: 2
    agentTypeID: 0
    agentRadius: 0.5
    agentHeight: 2
    agentSlope: 45
    agentClimb: 0.4
    ledgeDropHeight: 0
    maxJumpAcrossDistance: 0
    minRegionArea: 2
    manualCellSize: 0
    cellSize: 0.16666667
    manualTileSize: 0
    tileSize: 256
    accuratePlacement: 0
    debug:
      m_Flags: 0
  m_NavMeshData: {fileID: 0}
--- !u!1 &76767432
GameObject:
  m_ObjectHideFlags: 0
  m_PrefabParentObject: {fileID: 1136430583369236, guid: 8d0a3c5080f204248ab2506d239c7102,
    type: 2}
  m_PrefabInternal: {fileID: 0}
  serializedVersion: 5
  m_Component:
  - component: {fileID: 76767433}
  - component: {fileID: 76767435}
  - component: {fileID: 76767434}
  m_Layer: 5
  m_Name: GOTOBACK
  m_TagString: Untagged
  m_Icon: {fileID: 0}
  m_NavMeshLayer: 0
  m_StaticEditorFlags: 0
  m_IsActive: 1
--- !u!224 &76767433
RectTransform:
  m_ObjectHideFlags: 0
  m_PrefabParentObject: {fileID: 224991569000927896, guid: 8d0a3c5080f204248ab2506d239c7102,
    type: 2}
  m_PrefabInternal: {fileID: 0}
  m_GameObject: {fileID: 76767432}
  m_LocalRotation: {x: 0, y: 0, z: 0, w: 1}
  m_LocalPosition: {x: 0, y: 0, z: 0}
  m_LocalScale: {x: 1, y: 1, z: 1}
  m_Children:
  - {fileID: 1777829100}
  - {fileID: 987441202}
  - {fileID: 1405776517}
  m_Father: {fileID: 432969969}
  m_RootOrder: 0
  m_LocalEulerAnglesHint: {x: 0, y: 0, z: 0}
  m_AnchorMin: {x: 0, y: 0}
  m_AnchorMax: {x: 1, y: 1}
  m_AnchoredPosition: {x: 0.00000047683716, y: 0}
  m_SizeDelta: {x: 0, y: 0}
  m_Pivot: {x: 0.5, y: 0.5}
--- !u!114 &76767434
MonoBehaviour:
  m_ObjectHideFlags: 0
  m_PrefabParentObject: {fileID: 114166320251362750, guid: 8d0a3c5080f204248ab2506d239c7102,
    type: 2}
  m_PrefabInternal: {fileID: 0}
  m_GameObject: {fileID: 76767432}
  m_Enabled: 1
  m_EditorHideFlags: 0
  m_Script: {fileID: -1862395651, guid: f70555f144d8491a825f0804e09c671c, type: 3}
  m_Name: 
  m_EditorClassIdentifier: 
  m_Delegates:
  - eventID: 0
    callback:
      m_PersistentCalls:
        m_Calls:
        - m_Target: {fileID: 76767435}
          m_MethodName: ABegin
          m_Mode: 1
          m_Arguments:
            m_ObjectArgument: {fileID: 0}
            m_ObjectArgumentAssemblyTypeName: UnityEngine.Object, UnityEngine
            m_IntArgument: 0
            m_FloatArgument: 0
            m_StringArgument: 
            m_BoolArgument: 0
          m_CallState: 2
      m_TypeName: UnityEngine.EventSystems.EventTrigger+TriggerEvent, UnityEngine.UI,
        Version=1.0.0.0, Culture=neutral, PublicKeyToken=null
  - eventID: 1
    callback:
      m_PersistentCalls:
        m_Calls:
        - m_Target: {fileID: 76767435}
          m_MethodName: AStop
          m_Mode: 1
          m_Arguments:
            m_ObjectArgument: {fileID: 0}
            m_ObjectArgumentAssemblyTypeName: UnityEngine.Object, UnityEngine
            m_IntArgument: 0
            m_FloatArgument: 0
            m_StringArgument: 
            m_BoolArgument: 0
          m_CallState: 2
      m_TypeName: UnityEngine.EventSystems.EventTrigger+TriggerEvent, UnityEngine.UI,
        Version=1.0.0.0, Culture=neutral, PublicKeyToken=null
  delegates: []
--- !u!114 &76767435
MonoBehaviour:
  m_ObjectHideFlags: 0
  m_PrefabParentObject: {fileID: 114713724893352958, guid: 8d0a3c5080f204248ab2506d239c7102,
    type: 2}
  m_PrefabInternal: {fileID: 0}
  m_GameObject: {fileID: 76767432}
  m_Enabled: 1
  m_EditorHideFlags: 0
  m_Script: {fileID: 11500000, guid: 316c9dd0e28244711b16af4e5e5dd50f, type: 3}
  m_Name: 
  m_EditorClassIdentifier: 
  Image: {fileID: 987441203}
  Method:
    m_PersistentCalls:
      m_Calls:
      - m_Target: {fileID: 203597000}
        m_MethodName: ToggleAnim
        m_Mode: 1
        m_Arguments:
          m_ObjectArgument: {fileID: 0}
          m_ObjectArgumentAssemblyTypeName: UnityEngine.Object, UnityEngine
          m_IntArgument: 0
          m_FloatArgument: 0
          m_StringArgument: 
          m_BoolArgument: 0
        m_CallState: 2
    m_TypeName: UnityEngine.Events.UnityEvent, UnityEngine.CoreModule, Version=0.0.0.0,
      Culture=neutral, PublicKeyToken=null
--- !u!1 &203596999
GameObject:
  m_ObjectHideFlags: 0
  m_PrefabParentObject: {fileID: 0}
  m_PrefabInternal: {fileID: 0}
  serializedVersion: 5
  m_Component:
  - component: {fileID: 203597001}
  - component: {fileID: 203597000}
  - component: {fileID: 203597002}
  m_Layer: 0
  m_Name: _ANIMATION
  m_TagString: Untagged
  m_Icon: {fileID: 0}
  m_NavMeshLayer: 0
  m_StaticEditorFlags: 0
  m_IsActive: 1
--- !u!114 &203597000
MonoBehaviour:
  m_ObjectHideFlags: 0
  m_PrefabParentObject: {fileID: 0}
  m_PrefabInternal: {fileID: 0}
  m_GameObject: {fileID: 203596999}
  m_Enabled: 1
  m_EditorHideFlags: 0
  m_Script: {fileID: 11500000, guid: f2c0c954a5b944f11992741ce9b79f95, type: 3}
  m_Name: 
  m_EditorClassIdentifier: 
  TexturesAnim:
  - {fileID: 2800000, guid: 7ec2fbf8e8614c3a86d8c34c885ab0df, type: 3}
  - {fileID: 2800000, guid: 60d17f8e78794c39abcc6750425c39e1, type: 3}
  - {fileID: 2800000, guid: d8487ab946d848d5a82264943b7e1377, type: 3}
  - {fileID: 2800000, guid: 08e6987504a144518509efde953d57c9, type: 3}
  - {fileID: 2800000, guid: d442c0da70c74a00b0e6a4ef8ca1dd2c, type: 3}
  - {fileID: 2800000, guid: e46f5cd5e3f643efb7113c622c58e2ae, type: 3}
  - {fileID: 2800000, guid: 320ba1d111a447a98e47bac4b758b847, type: 3}
  - {fileID: 2800000, guid: 11616310b1b542868466190d70778bac, type: 3}
  - {fileID: 2800000, guid: f20967cce05745089c20cd644e1c40e1, type: 3}
  - {fileID: 2800000, guid: 4f4602f8f5424f3d8926c3765ba1958b, type: 3}
  - {fileID: 2800000, guid: 6897d534096445c1b8975e308baeaa4d, type: 3}
  - {fileID: 2800000, guid: 63e17698739f48fcb4949c822a06cdff, type: 3}
  - {fileID: 2800000, guid: 812458533bdb4eeaae8c6de33c4fb924, type: 3}
  - {fileID: 2800000, guid: 7fd0700415de42218b934cc7b8386013, type: 3}
  - {fileID: 2800000, guid: b71ef4890875417e934bed7346173dfa, type: 3}
  - {fileID: 2800000, guid: fdf627626de34b55b88ff8ca99cb0f0e, type: 3}
  - {fileID: 2800000, guid: acf8b835520343479aebd7b9730adc4d, type: 3}
  - {fileID: 2800000, guid: 015f069b292b4a1ea0ade92430a8f18c, type: 3}
  - {fileID: 2800000, guid: 0ca3ebfa839c4d1c935cdc678952d193, type: 3}
  - {fileID: 2800000, guid: d3975f308001495d8efaf6925a935440, type: 3}
  - {fileID: 2800000, guid: ba55d4c44ab9430c9ba1a1db7e0dfca1, type: 3}
  - {fileID: 2800000, guid: e7ab18825c904e98a398c427ee8711fe, type: 3}
  - {fileID: 2800000, guid: 2a00ef697d9c4c43ba55cf0f9c1b155e, type: 3}
  - {fileID: 2800000, guid: bf972bf6b05a4b9a86236fd3469b7f6e, type: 3}
  - {fileID: 2800000, guid: 796e4aa081f34ba9bc7a966c9debcb25, type: 3}
  - {fileID: 2800000, guid: 0bb78dd792ec46d99540e315e3c5a2de, type: 3}
  - {fileID: 2800000, guid: aa66c16e231b4d1e983b0fb2f12076d7, type: 3}
  - {fileID: 2800000, guid: c2d2b021272a4f1e805b4f80112b486b, type: 3}
  - {fileID: 2800000, guid: e0f047b16ffc479fbf35bf055950dcff, type: 3}
  - {fileID: 2800000, guid: cccd55e0f1b4419f9810f733c8789821, type: 3}
  - {fileID: 2800000, guid: fc24af806789494fad9d96bf612e27ff, type: 3}
  - {fileID: 2800000, guid: d5810b5d15424fa9b4fb374dd12680c0, type: 3}
  - {fileID: 2800000, guid: 55853ecc5a9844149875d4a5d513b123, type: 3}
  - {fileID: 2800000, guid: 67a3920306f9485db1d907fed398be89, type: 3}
  - {fileID: 2800000, guid: 7a84df951c164138a354768e7110f942, type: 3}
  - {fileID: 2800000, guid: 05324cbe0d874d17bc247f8321e0790f, type: 3}
  - {fileID: 2800000, guid: f2a417eebd174132b76e47917faefa71, type: 3}
  - {fileID: 2800000, guid: e423e6e0d22d4ded8bcbc455228a6699, type: 3}
  AnimMat_Left: {fileID: 2100000, guid: 9d680b991bff24197a2020e14146a8cf, type: 2}
  AnimMat_Right: {fileID: 2100000, guid: 1406b6d7d6919471d80be3deca0b31c9, type: 2}
--- !u!4 &203597001
Transform:
  m_ObjectHideFlags: 0
  m_PrefabParentObject: {fileID: 0}
  m_PrefabInternal: {fileID: 0}
  m_GameObject: {fileID: 203596999}
  m_LocalRotation: {x: 0, y: 0, z: 0, w: 1}
  m_LocalPosition: {x: -2.7717867, y: 2.1506112, z: -5.9838076}
  m_LocalScale: {x: 1, y: 1, z: 1}
  m_Children: []
  m_Father: {fileID: 0}
  m_RootOrder: 4
  m_LocalEulerAnglesHint: {x: 0, y: 0, z: 0}
--- !u!114 &203597002
MonoBehaviour:
  m_ObjectHideFlags: 0
  m_PrefabParentObject: {fileID: 0}
  m_PrefabInternal: {fileID: 0}
  m_GameObject: {fileID: 203596999}
  m_Enabled: 1
  m_EditorHideFlags: 0
  m_Script: {fileID: 11500000, guid: 49209e1b6334841da81d59134f6aa9d7, type: 3}
  m_Name: 
  m_EditorClassIdentifier: 
  FountanTextures:
  - {fileID: 2800000, guid: 9d9127b04f744dc5aeb98f97affd4056, type: 3}
  - {fileID: 2800000, guid: 9882d7865e934a919e2bbf124b100a14, type: 3}
  - {fileID: 2800000, guid: 2bd0902d04e04efe99eb71851265e0cb, type: 3}
  - {fileID: 2800000, guid: 43eb3901f48344dbaf3772375cd5d21a, type: 3}
  - {fileID: 2800000, guid: 9677a9c1ed4041168c6cfe6205a4bc9d, type: 3}
  - {fileID: 2800000, guid: 84f1a92b4dbd43b49e0a88f40e93d3f3, type: 3}
  - {fileID: 2800000, guid: 75adbd82b822437ca9c62307c4e0e398, type: 3}
  - {fileID: 2800000, guid: 7ebcc2fd661f436f859b580270326d7f, type: 3}
  - {fileID: 2800000, guid: d1df46f7fe144c5bb72745dfaaa91242, type: 3}
  - {fileID: 2800000, guid: bf862cd32a894b5a866de8c01cb45c8b, type: 3}
  - {fileID: 2800000, guid: c30d028f0cd64941a6f4515bcbb8502c, type: 3}
  - {fileID: 2800000, guid: 6bc7e64e64d044c4ab55ee2582961679, type: 3}
  - {fileID: 2800000, guid: 70a6dc380b0e4b8c9f0796f11bcc734b, type: 3}
  - {fileID: 2800000, guid: e06892af8390432fbf12ddb3f60cf59c, type: 3}
  - {fileID: 2800000, guid: 3d8f806c2a4e460aab2f5262f582e4fe, type: 3}
  - {fileID: 2800000, guid: c00ec62c7cce4785939356dbe5614d50, type: 3}
  - {fileID: 2800000, guid: e26bbd6dc1414062b28c0171fadc8689, type: 3}
  - {fileID: 2800000, guid: 209e4ec3b4024ce295ca87b62c56fa98, type: 3}
  - {fileID: 2800000, guid: 254916c5820e4cd791affffd221f4094, type: 3}
  - {fileID: 2800000, guid: f45c57f442b44a159ffa35b88507f888, type: 3}
  - {fileID: 2800000, guid: f7f68265f1e24ef8a531aeb1337c7cf9, type: 3}
  - {fileID: 2800000, guid: f0214314c7ca4b778c9b54c3fb75fe69, type: 3}
  - {fileID: 2800000, guid: c19191fe12d945b5b335d396122e8974, type: 3}
  - {fileID: 2800000, guid: cac85760c2f246b39462386e5950c69e, type: 3}
  - {fileID: 2800000, guid: 5f1da772b12046d69284095d4bb3bc68, type: 3}
  - {fileID: 2800000, guid: c7658c066dfb4c0b90c6a36f816db2ab, type: 3}
  - {fileID: 2800000, guid: 2e2e8f3345a04dffb3e710805630d53a, type: 3}
  - {fileID: 2800000, guid: e00d0d89e6b74444887c82deac6cd36a, type: 3}
  - {fileID: 2800000, guid: 1044f876490147aabcd5f54e1f6efcff, type: 3}
  - {fileID: 2800000, guid: 2deaa7639eac48b69985b6c09762238f, type: 3}
  - {fileID: 2800000, guid: 4d5847e6ebca45aa80a3d6b2271a9f00, type: 3}
  - {fileID: 2800000, guid: b5943b807775419699870ce5a4e7fbda, type: 3}
  - {fileID: 2800000, guid: b8d8b4fb43744ab6bc68122a477773c0, type: 3}
  - {fileID: 2800000, guid: 13495ed173004df6b20b3cc2dda0a202, type: 3}
  - {fileID: 2800000, guid: 60a125eb8c7d4273bfa62a3f6d5c97a5, type: 3}
  - {fileID: 2800000, guid: 9a2bf8319bbe4e1d8d495065ab6cbae0, type: 3}
  - {fileID: 2800000, guid: 66b5847956f541a9a5dcb5b6fd2295fd, type: 3}
  - {fileID: 2800000, guid: 1fa5dfd18b8e4c5f9238e68347eb4ede, type: 3}
  - {fileID: 2800000, guid: 259cc180add848e2a3293ab33270d7b3, type: 3}
  - {fileID: 2800000, guid: 46702ea1715b4a53aac47da0b987b64b, type: 3}
  - {fileID: 2800000, guid: 31ec47af328946d292911585efea0991, type: 3}
  - {fileID: 2800000, guid: 889a8d5ec05b48d0911d81dd4efa28c4, type: 3}
  - {fileID: 2800000, guid: 4b36b101ae2f4fa98ef24ce439d45f5c, type: 3}
  - {fileID: 2800000, guid: 5bee4dda87f843e391e5b294d8452414, type: 3}
  - {fileID: 2800000, guid: 673180d0bd4944d898847e811e1f2174, type: 3}
  - {fileID: 2800000, guid: 43981bd89c44487b8eea811f7a7bf165, type: 3}
  - {fileID: 2800000, guid: a57e4a8737ce4d55b6b675437c88bdfc, type: 3}
  - {fileID: 2800000, guid: 2b4bd80c97504ad79beeac10baa071e2, type: 3}
  - {fileID: 2800000, guid: 5c226b7f9612439ba1d81f8764eee89f, type: 3}
  - {fileID: 2800000, guid: 2f1deae1c6b643ce848eaf32b5e9a4bd, type: 3}
  - {fileID: 2800000, guid: 70eae64dac164a5a9419c8a16056e87b, type: 3}
  - {fileID: 2800000, guid: 78ede493263f4e338913d8522c044c44, type: 3}
  - {fileID: 2800000, guid: 5cb92aef866042489738a0e0d29c02ea, type: 3}
  - {fileID: 2800000, guid: 0c04e0c0772940ab8f1de8c905931a27, type: 3}
  FLeft: {fileID: 2100000, guid: a768403ff3914401db5a8157b59c0b35, type: 2}
  FRight: {fileID: 2100000, guid: 65109621a4c684cddbf1419ce1528df7, type: 2}
  FlagTextures:
  - {fileID: 2800000, guid: 84c768c6561d4addaf084ad0c2a72ab4, type: 3}
  - {fileID: 2800000, guid: f52c2db281294ee2860358170c72b8d2, type: 3}
  - {fileID: 2800000, guid: 9c7ec0e782cd4c119018ab8f3b5b774a, type: 3}
  - {fileID: 2800000, guid: 0c5ce99d7ab5472fbe228a8a9a46f5c6, type: 3}
  - {fileID: 2800000, guid: 1c2dac1d27bd43a7aa1b37e0a15f0fce, type: 3}
  - {fileID: 2800000, guid: 1039fb5fc342455a9e35ad6399c229c8, type: 3}
  - {fileID: 2800000, guid: c922eb3b7d994587b09ce54a10845842, type: 3}
  - {fileID: 2800000, guid: 5e94023ac70c483981005fde6b3dca0e, type: 3}
  - {fileID: 2800000, guid: 9018b79e1dbd403aa6b7da3bfbaf018a, type: 3}
  - {fileID: 2800000, guid: 687ba7a5ba6d482faaf58486784ecb93, type: 3}
  - {fileID: 2800000, guid: f149569eff074fc79f7344daf07dc1db, type: 3}
  - {fileID: 2800000, guid: ecab337b606f4b08adf7af396d9bbead, type: 3}
  - {fileID: 2800000, guid: e10e946748aa4405babcd79b0a835b5c, type: 3}
  - {fileID: 2800000, guid: b0b2a6941d7b469881ce9a31585ad5fe, type: 3}
  - {fileID: 2800000, guid: 205283acda864b0fa8de9212acce9847, type: 3}
  - {fileID: 2800000, guid: dff856eb99f64714a6aa7ebece72bbba, type: 3}
  - {fileID: 2800000, guid: d0cb621d549b4d4789ed2a26c076951c, type: 3}
  - {fileID: 2800000, guid: 782bf6d71e694fb9832a49ef9c207e82, type: 3}
  - {fileID: 2800000, guid: c1f51f6a521644d7a5b34c5937fac6d4, type: 3}
  - {fileID: 2800000, guid: 097935b5162c495291c5bf189515fdd8, type: 3}
  - {fileID: 2800000, guid: 6eff16c3efaf45e4869d398746636183, type: 3}
  - {fileID: 2800000, guid: 094a2baa900743d182f24487fb567b15, type: 3}
  - {fileID: 2800000, guid: e26424d6ec644517be3500c7b44e520c, type: 3}
  - {fileID: 2800000, guid: 6e5bb293fec94011817f5f3f4ad58192, type: 3}
  - {fileID: 2800000, guid: 73c927227bb449e9ae55ea90adad1597, type: 3}
  - {fileID: 2800000, guid: ef58c3e3a312418596278fc2e5ee4203, type: 3}
  - {fileID: 2800000, guid: 11498eaa0ed14898a69c83bee85ff7ed, type: 3}
  - {fileID: 2800000, guid: b0b25398334f45e1a2933a5e6587f40d, type: 3}
  - {fileID: 2800000, guid: 27c1a74bdd3f4877976b7557d03fb330, type: 3}
  - {fileID: 2800000, guid: 2af12ff12c564606a8772695ed80915d, type: 3}
  - {fileID: 2800000, guid: f4bbaa99c6714ba089f57fb283df2635, type: 3}
  - {fileID: 2800000, guid: feb24229e43a47d39ac532a674af7a8d, type: 3}
  - {fileID: 2800000, guid: 52fb8886ee99419eb186f4e55691a13a, type: 3}
  - {fileID: 2800000, guid: 707953fa0c29437cbdb6aff74669459d, type: 3}
  - {fileID: 2800000, guid: 961819b5789c4b5c83e314e989906c64, type: 3}
  - {fileID: 2800000, guid: 5fc7745719ec4c9786a35b924d9c03e2, type: 3}
  - {fileID: 2800000, guid: 25f03b17825b44cd91231fe95e7cc7b2, type: 3}
  - {fileID: 2800000, guid: a0224d6725494fd3a11612d9d463f7e7, type: 3}
  - {fileID: 2800000, guid: c34cd136beae4abe83cf45e9649861fa, type: 3}
  - {fileID: 2800000, guid: 385a892375f840b4a80a20b4c859a558, type: 3}
  - {fileID: 2800000, guid: 7d8c29afad0642c4a07dbb4287a2b045, type: 3}
  - {fileID: 2800000, guid: 3b3ddf500f504c919b79375ddfeed678, type: 3}
  - {fileID: 2800000, guid: 6ba6db8e08db4d569c7608d521563859, type: 3}
  - {fileID: 2800000, guid: f96658f2634044d8a7988b3ffd1a15a3, type: 3}
  - {fileID: 2800000, guid: 2aef7056f38b43ca85f883e2f2599183, type: 3}
  - {fileID: 2800000, guid: 35f471074fec420182d466a57faff6d6, type: 3}
  - {fileID: 2800000, guid: aa2ae81ec22a4a0eac8480595986ec16, type: 3}
  - {fileID: 2800000, guid: b2394f4edd004af1a55d72498d29ab66, type: 3}
  - {fileID: 2800000, guid: 57eeaae36e7b48ed931eee8af0818c21, type: 3}
  - {fileID: 2800000, guid: 4221f6d3644343b8bea1422e9650a77c, type: 3}
  - {fileID: 2800000, guid: 117bafaf673542719a2e04436eea1484, type: 3}
  - {fileID: 2800000, guid: a073c6ec3ea44142845e88fd4611f3fc, type: 3}
  - {fileID: 2800000, guid: 54dd382b7de84f41b8f9df135146c787, type: 3}
  - {fileID: 2800000, guid: 88805fae9da64f6d90f40f9c67337e1c, type: 3}
  - {fileID: 2800000, guid: f0ecad30be2441988906ec988e7ff726, type: 3}
  - {fileID: 2800000, guid: 3d3d0d52498149ee9dc1f73717411be7, type: 3}
  - {fileID: 2800000, guid: 45593b3cb9244c7897d0929dd603e55c, type: 3}
  - {fileID: 2800000, guid: d79831dde5b2470fb43783b1b5cd2048, type: 3}
  - {fileID: 2800000, guid: 82643a60963243b29b1d3a2ab4e0aa4c, type: 3}
  - {fileID: 2800000, guid: 75a3cdbf47144ddcb58b78d7db1e880d, type: 3}
  - {fileID: 2800000, guid: fbd85c549bcb4bb3b8daebfff8f53038, type: 3}
  - {fileID: 2800000, guid: c5a8c18c01c7423f9ccc5ecaa64fef19, type: 3}
  - {fileID: 2800000, guid: cea6d89e6a85496f983065d13223d57b, type: 3}
  - {fileID: 2800000, guid: 03c891a4461c4efe8dba4ab017dddd66, type: 3}
  - {fileID: 2800000, guid: 3d2fef0b972a421599edb4b713f8cfe4, type: 3}
  - {fileID: 2800000, guid: e276d5058d2a4169bed6c5bb025ec3d5, type: 3}
  - {fileID: 2800000, guid: cdd0fe0afe214ad08540c3791918cf21, type: 3}
  - {fileID: 2800000, guid: 678b0d2a37894829a7aacd868ed4186a, type: 3}
  - {fileID: 2800000, guid: b5b563d175c3440aa6d8477b6fbc7c67, type: 3}
  - {fileID: 2800000, guid: 3c8660b2212a4b1597b6f11d94f94395, type: 3}
  - {fileID: 2800000, guid: 36e7db8dc639410b999fe53ba71a99a0, type: 3}
  - {fileID: 2800000, guid: 6b9b8ec8e009442ba7780262573203f7, type: 3}
  - {fileID: 2800000, guid: 2c170172f8e94b2ab2fae3fc27c2a900, type: 3}
  - {fileID: 2800000, guid: f1ce1122abd949d49f0602a23a2874b6, type: 3}
  - {fileID: 2800000, guid: 7247ae79f6e94906b87bdcdd98e6c5f5, type: 3}
  - {fileID: 2800000, guid: f90c3ce63c0c4e0c82e9ef00b2da6a91, type: 3}
  - {fileID: 2800000, guid: 48627bf4e6b14172ba72b580809512d2, type: 3}
  - {fileID: 2800000, guid: bdd060241e18482da7153e9ca0620898, type: 3}
  - {fileID: 2800000, guid: 1c38bd1a0e3441919bc607c6011217ac, type: 3}
  - {fileID: 2800000, guid: ceec70ebbe214a288983ea6f989cdbdd, type: 3}
  - {fileID: 2800000, guid: 99e8688a51cb4d31a9e4a8c15b8c6e9d, type: 3}
  - {fileID: 2800000, guid: 18194fcbc1334434a56115d36029d95a, type: 3}
  FlagLeft: {fileID: 2100000, guid: dcc27206c3bb246cf9b3a144878fc2c3, type: 2}
  FlagRight: {fileID: 2100000, guid: 6597e79c803a54e85a5463ec46ab96e5, type: 2}
--- !u!1001 &369474101
Prefab:
  m_ObjectHideFlags: 0
  serializedVersion: 2
  m_Modification:
    m_TransformParent: {fileID: 0}
    m_Modifications:
    - target: {fileID: 400000, guid: 262f7135eba8247d0bac4df2b5a48325, type: 3}
      propertyPath: m_LocalPosition.x
      value: -0
      objectReference: {fileID: 0}
    - target: {fileID: 400000, guid: 262f7135eba8247d0bac4df2b5a48325, type: 3}
      propertyPath: m_LocalPosition.y
      value: 0
      objectReference: {fileID: 0}
    - target: {fileID: 400000, guid: 262f7135eba8247d0bac4df2b5a48325, type: 3}
      propertyPath: m_LocalPosition.z
      value: 0
      objectReference: {fileID: 0}
    - target: {fileID: 400000, guid: 262f7135eba8247d0bac4df2b5a48325, type: 3}
      propertyPath: m_LocalRotation.x
      value: 0
      objectReference: {fileID: 0}
    - target: {fileID: 400000, guid: 262f7135eba8247d0bac4df2b5a48325, type: 3}
      propertyPath: m_LocalRotation.y
      value: -0
      objectReference: {fileID: 0}
    - target: {fileID: 400000, guid: 262f7135eba8247d0bac4df2b5a48325, type: 3}
      propertyPath: m_LocalRotation.z
      value: -0
      objectReference: {fileID: 0}
    - target: {fileID: 400000, guid: 262f7135eba8247d0bac4df2b5a48325, type: 3}
      propertyPath: m_LocalRotation.w
      value: 1
      objectReference: {fileID: 0}
    - target: {fileID: 400000, guid: 262f7135eba8247d0bac4df2b5a48325, type: 3}
      propertyPath: m_RootOrder
      value: 3
      objectReference: {fileID: 0}
    - target: {fileID: 100000, guid: 262f7135eba8247d0bac4df2b5a48325, type: 3}
      propertyPath: m_Name
      value: SP_FONTAN_RIGHT
      objectReference: {fileID: 0}
    - target: {fileID: 2300002, guid: 262f7135eba8247d0bac4df2b5a48325, type: 3}
      propertyPath: m_Materials.Array.data[0]
      value: 
      objectReference: {fileID: 2100000, guid: 7a21ea48732644631a0b28f7db0ae11c, type: 2}
    - target: {fileID: 2300000, guid: 262f7135eba8247d0bac4df2b5a48325, type: 3}
      propertyPath: m_Materials.Array.data[0]
      value: 
      objectReference: {fileID: 2100000, guid: 7a21ea48732644631a0b28f7db0ae11c, type: 2}
    - target: {fileID: 100006, guid: 262f7135eba8247d0bac4df2b5a48325, type: 3}
      propertyPath: m_Layer
      value: 9
      objectReference: {fileID: 0}
    - target: {fileID: 100004, guid: 262f7135eba8247d0bac4df2b5a48325, type: 3}
      propertyPath: m_Layer
      value: 9
      objectReference: {fileID: 0}
    - target: {fileID: 100010, guid: 262f7135eba8247d0bac4df2b5a48325, type: 3}
      propertyPath: m_Layer
      value: 9
      objectReference: {fileID: 0}
    - target: {fileID: 100012, guid: 262f7135eba8247d0bac4df2b5a48325, type: 3}
      propertyPath: m_Layer
      value: 9
      objectReference: {fileID: 0}
    - target: {fileID: 100008, guid: 262f7135eba8247d0bac4df2b5a48325, type: 3}
      propertyPath: m_Layer
      value: 9
      objectReference: {fileID: 0}
    - target: {fileID: 100002, guid: 262f7135eba8247d0bac4df2b5a48325, type: 3}
      propertyPath: m_Layer
      value: 9
      objectReference: {fileID: 0}
    - target: {fileID: 100000, guid: 262f7135eba8247d0bac4df2b5a48325, type: 3}
      propertyPath: m_Layer
      value: 9
      objectReference: {fileID: 0}
    - target: {fileID: 2300004, guid: 262f7135eba8247d0bac4df2b5a48325, type: 3}
      propertyPath: m_Materials.Array.data[0]
      value: 
      objectReference: {fileID: 2100000, guid: 1406b6d7d6919471d80be3deca0b31c9, type: 2}
    - target: {fileID: 2300006, guid: 262f7135eba8247d0bac4df2b5a48325, type: 3}
      propertyPath: m_Materials.Array.data[0]
      value: 
      objectReference: {fileID: 2100000, guid: 6597e79c803a54e85a5463ec46ab96e5, type: 2}
    - target: {fileID: 2300008, guid: 262f7135eba8247d0bac4df2b5a48325, type: 3}
      propertyPath: m_Materials.Array.data[0]
      value: 
      objectReference: {fileID: 2100000, guid: 65109621a4c684cddbf1419ce1528df7, type: 2}
    m_RemovedComponents: []
  m_ParentPrefab: {fileID: 100100000, guid: 262f7135eba8247d0bac4df2b5a48325, type: 3}
  m_IsPrefabParent: 0
--- !u!1 &432969965
GameObject:
  m_ObjectHideFlags: 0
  m_PrefabParentObject: {fileID: 1314207244615550, guid: 8d0a3c5080f204248ab2506d239c7102,
    type: 2}
  m_PrefabInternal: {fileID: 0}
  serializedVersion: 5
  m_Component:
  - component: {fileID: 432969969}
  - component: {fileID: 432969968}
  - component: {fileID: 432969967}
  - component: {fileID: 432969966}
  m_Layer: 5
  m_Name: DESTROY
  m_TagString: Untagged
  m_Icon: {fileID: 0}
  m_NavMeshLayer: 0
  m_StaticEditorFlags: 0
  m_IsActive: 1
--- !u!114 &432969966
MonoBehaviour:
  m_ObjectHideFlags: 0
  m_PrefabParentObject: {fileID: 114418192331775718, guid: 8d0a3c5080f204248ab2506d239c7102,
    type: 2}
  m_PrefabInternal: {fileID: 0}
  m_GameObject: {fileID: 432969965}
  m_Enabled: 1
  m_EditorHideFlags: 0
  m_Script: {fileID: 1301386320, guid: f70555f144d8491a825f0804e09c671c, type: 3}
  m_Name: 
  m_EditorClassIdentifier: 
  m_IgnoreReversedGraphics: 1
  m_BlockingObjects: 0
  m_BlockingMask:
    serializedVersion: 2
    m_Bits: 4294967295
--- !u!114 &432969967
MonoBehaviour:
  m_ObjectHideFlags: 0
  m_PrefabParentObject: {fileID: 114983455551136570, guid: 8d0a3c5080f204248ab2506d239c7102,
    type: 2}
  m_PrefabInternal: {fileID: 0}
  m_GameObject: {fileID: 432969965}
  m_Enabled: 1
  m_EditorHideFlags: 0
  m_Script: {fileID: 1980459831, guid: f70555f144d8491a825f0804e09c671c, type: 3}
  m_Name: 
  m_EditorClassIdentifier: 
  m_UiScaleMode: 0
  m_ReferencePixelsPerUnit: 100
  m_ScaleFactor: 1
  m_ReferenceResolution: {x: 800, y: 600}
  m_ScreenMatchMode: 0
  m_MatchWidthOrHeight: 0
  m_PhysicalUnit: 3
  m_FallbackScreenDPI: 96
  m_DefaultSpriteDPI: 96
  m_DynamicPixelsPerUnit: 100
--- !u!223 &432969968
Canvas:
  m_ObjectHideFlags: 0
  m_PrefabParentObject: {fileID: 223483203143826564, guid: 8d0a3c5080f204248ab2506d239c7102,
    type: 2}
  m_PrefabInternal: {fileID: 0}
  m_GameObject: {fileID: 432969965}
  m_Enabled: 1
  serializedVersion: 3
  m_RenderMode: 2
  m_Camera: {fileID: 0}
  m_PlaneDistance: 100
  m_PixelPerfect: 0
  m_ReceivesEvents: 1
  m_OverrideSorting: 0
  m_OverridePixelPerfect: 0
  m_SortingBucketNormalizedSize: 0
  m_AdditionalShaderChannelsFlag: 0
  m_SortingLayerID: 0
  m_SortingOrder: 0
  m_TargetDisplay: 0
--- !u!224 &432969969
RectTransform:
  m_ObjectHideFlags: 0
  m_PrefabParentObject: {fileID: 224144755641972514, guid: 8d0a3c5080f204248ab2506d239c7102,
    type: 2}
  m_PrefabInternal: {fileID: 0}
  m_GameObject: {fileID: 432969965}
  m_LocalRotation: {x: 0.27583867, y: 0, z: 0, w: 0.961204}
  m_LocalPosition: {x: 8, y: -48, z: 137.4}
  m_LocalScale: {x: 1, y: 1, z: 1}
  m_Children:
  - {fileID: 76767433}
  m_Father: {fileID: 0}
  m_RootOrder: 5
  m_LocalEulerAnglesHint: {x: 0, y: 0, z: 0}
  m_AnchorMin: {x: 0.5, y: 0.5}
  m_AnchorMax: {x: 0.5, y: 0.5}
  m_AnchoredPosition: {x: 8, y: -48}
  m_SizeDelta: {x: 25.73, y: 25.73}
  m_Pivot: {x: 0.5, y: 0.5}
--- !u!1 &987441201
GameObject:
  m_ObjectHideFlags: 0
  m_PrefabParentObject: {fileID: 1122209864527552, guid: 8d0a3c5080f204248ab2506d239c7102,
    type: 2}
  m_PrefabInternal: {fileID: 0}
  serializedVersion: 5
  m_Component:
  - component: {fileID: 987441202}
  - component: {fileID: 987441204}
  - component: {fileID: 987441203}
  m_Layer: 5
  m_Name: 'Fill '
  m_TagString: Untagged
  m_Icon: {fileID: 0}
  m_NavMeshLayer: 0
  m_StaticEditorFlags: 0
  m_IsActive: 1
--- !u!224 &987441202
RectTransform:
  m_ObjectHideFlags: 0
  m_PrefabParentObject: {fileID: 224830131110934550, guid: 8d0a3c5080f204248ab2506d239c7102,
    type: 2}
  m_PrefabInternal: {fileID: 0}
  m_GameObject: {fileID: 987441201}
  m_LocalRotation: {x: -0, y: -0, z: -0.00000029802322, w: -1}
  m_LocalPosition: {x: -0.000091552734, y: 0, z: 0}
  m_LocalScale: {x: 1, y: 1, z: 1}
  m_Children: []
  m_Father: {fileID: 76767433}
  m_RootOrder: 1
  m_LocalEulerAnglesHint: {x: 0, y: 0, z: 0}
  m_AnchorMin: {x: 0, y: 0}
  m_AnchorMax: {x: 1, y: 1}
  m_AnchoredPosition: {x: -0.00009156484, y: 0.000000014901161}
  m_SizeDelta: {x: -0.00018312968, y: 0}
  m_Pivot: {x: 0.5, y: 0.5}
--- !u!114 &987441203
MonoBehaviour:
  m_ObjectHideFlags: 0
  m_PrefabParentObject: {fileID: 114995639152409472, guid: 8d0a3c5080f204248ab2506d239c7102,
    type: 2}
  m_PrefabInternal: {fileID: 0}
  m_GameObject: {fileID: 987441201}
  m_Enabled: 1
  m_EditorHideFlags: 0
  m_Script: {fileID: -765806418, guid: f70555f144d8491a825f0804e09c671c, type: 3}
  m_Name: 
  m_EditorClassIdentifier: 
  m_Material: {fileID: 0}
  m_Color: {r: 0.2950368, g: 0.54259646, b: 0.78676474, a: 1}
  m_RaycastTarget: 1
  m_OnCullStateChanged:
    m_PersistentCalls:
      m_Calls: []
    m_TypeName: UnityEngine.UI.MaskableGraphic+CullStateChangedEvent, UnityEngine.UI,
      Version=1.0.0.0, Culture=neutral, PublicKeyToken=null
  m_Sprite: {fileID: 21300000, guid: fab201281b6ab4f4cbf000a0e8e5fe64, type: 3}
  m_Type: 3
  m_PreserveAspect: 1
  m_FillCenter: 1
  m_FillMethod: 4
  m_FillAmount: 0
  m_FillClockwise: 1
  m_FillOrigin: 2
--- !u!222 &987441204
CanvasRenderer:
  m_ObjectHideFlags: 0
  m_PrefabParentObject: {fileID: 222349671799780856, guid: 8d0a3c5080f204248ab2506d239c7102,
    type: 2}
  m_PrefabInternal: {fileID: 0}
  m_GameObject: {fileID: 987441201}
--- !u!1001 &1060272191
Prefab:
  m_ObjectHideFlags: 0
  serializedVersion: 2
  m_Modification:
    m_TransformParent: {fileID: 0}
    m_Modifications:
    - target: {fileID: 4406339548706964, guid: e6543a49f598b47cb8381b884db5fc2e, type: 2}
      propertyPath: m_LocalPosition.x
      value: 0
      objectReference: {fileID: 0}
    - target: {fileID: 4406339548706964, guid: e6543a49f598b47cb8381b884db5fc2e, type: 2}
      propertyPath: m_LocalPosition.y
      value: 0
      objectReference: {fileID: 0}
    - target: {fileID: 4406339548706964, guid: e6543a49f598b47cb8381b884db5fc2e, type: 2}
      propertyPath: m_LocalPosition.z
      value: 0
      objectReference: {fileID: 0}
    - target: {fileID: 4406339548706964, guid: e6543a49f598b47cb8381b884db5fc2e, type: 2}
      propertyPath: m_LocalRotation.x
      value: 0
      objectReference: {fileID: 0}
    - target: {fileID: 4406339548706964, guid: e6543a49f598b47cb8381b884db5fc2e, type: 2}
      propertyPath: m_LocalRotation.y
      value: 0
      objectReference: {fileID: 0}
    - target: {fileID: 4406339548706964, guid: e6543a49f598b47cb8381b884db5fc2e, type: 2}
      propertyPath: m_LocalRotation.z
      value: 0
      objectReference: {fileID: 0}
    - target: {fileID: 4406339548706964, guid: e6543a49f598b47cb8381b884db5fc2e, type: 2}
      propertyPath: m_LocalRotation.w
      value: 1
      objectReference: {fileID: 0}
    - target: {fileID: 4406339548706964, guid: e6543a49f598b47cb8381b884db5fc2e, type: 2}
      propertyPath: m_RootOrder
      value: 0
      objectReference: {fileID: 0}
    m_RemovedComponents: []
  m_ParentPrefab: {fileID: 100100000, guid: e6543a49f598b47cb8381b884db5fc2e, type: 2}
  m_IsPrefabParent: 0
--- !u!1001 &1142546693
Prefab:
  m_ObjectHideFlags: 0
  serializedVersion: 2
  m_Modification:
    m_TransformParent: {fileID: 0}
    m_Modifications:
    - target: {fileID: 400000, guid: 262f7135eba8247d0bac4df2b5a48325, type: 3}
      propertyPath: m_LocalPosition.x
      value: -0
      objectReference: {fileID: 0}
    - target: {fileID: 400000, guid: 262f7135eba8247d0bac4df2b5a48325, type: 3}
      propertyPath: m_LocalPosition.y
      value: 0
      objectReference: {fileID: 0}
    - target: {fileID: 400000, guid: 262f7135eba8247d0bac4df2b5a48325, type: 3}
      propertyPath: m_LocalPosition.z
      value: 0
      objectReference: {fileID: 0}
    - target: {fileID: 400000, guid: 262f7135eba8247d0bac4df2b5a48325, type: 3}
      propertyPath: m_LocalRotation.x
      value: 0
      objectReference: {fileID: 0}
    - target: {fileID: 400000, guid: 262f7135eba8247d0bac4df2b5a48325, type: 3}
      propertyPath: m_LocalRotation.y
      value: -0
      objectReference: {fileID: 0}
    - target: {fileID: 400000, guid: 262f7135eba8247d0bac4df2b5a48325, type: 3}
      propertyPath: m_LocalRotation.z
      value: -0
      objectReference: {fileID: 0}
    - target: {fileID: 400000, guid: 262f7135eba8247d0bac4df2b5a48325, type: 3}
      propertyPath: m_LocalRotation.w
      value: 1
      objectReference: {fileID: 0}
    - target: {fileID: 400000, guid: 262f7135eba8247d0bac4df2b5a48325, type: 3}
      propertyPath: m_RootOrder
      value: 2
      objectReference: {fileID: 0}
    - target: {fileID: 100000, guid: 262f7135eba8247d0bac4df2b5a48325, type: 3}
      propertyPath: m_Name
      value: SP_FONTAN_LEFT
      objectReference: {fileID: 0}
    - target: {fileID: 2300000, guid: 262f7135eba8247d0bac4df2b5a48325, type: 3}
      propertyPath: m_Materials.Array.data[0]
      value: 
      objectReference: {fileID: 2100000, guid: eca924659ae284380b317cb079bf1e2f, type: 2}
    - target: {fileID: 2300002, guid: 262f7135eba8247d0bac4df2b5a48325, type: 3}
      propertyPath: m_Materials.Array.data[0]
      value: 
      objectReference: {fileID: 2100000, guid: eca924659ae284380b317cb079bf1e2f, type: 2}
    - target: {fileID: 100012, guid: 262f7135eba8247d0bac4df2b5a48325, type: 3}
      propertyPath: m_Layer
      value: 8
      objectReference: {fileID: 0}
    - target: {fileID: 100010, guid: 262f7135eba8247d0bac4df2b5a48325, type: 3}
      propertyPath: m_Layer
      value: 8
      objectReference: {fileID: 0}
    - target: {fileID: 100002, guid: 262f7135eba8247d0bac4df2b5a48325, type: 3}
      propertyPath: m_Layer
      value: 8
      objectReference: {fileID: 0}
    - target: {fileID: 100000, guid: 262f7135eba8247d0bac4df2b5a48325, type: 3}
      propertyPath: m_Layer
      value: 8
      objectReference: {fileID: 0}
    - target: {fileID: 100006, guid: 262f7135eba8247d0bac4df2b5a48325, type: 3}
      propertyPath: m_Layer
      value: 8
      objectReference: {fileID: 0}
    - target: {fileID: 100004, guid: 262f7135eba8247d0bac4df2b5a48325, type: 3}
      propertyPath: m_Layer
      value: 8
      objectReference: {fileID: 0}
    - target: {fileID: 100008, guid: 262f7135eba8247d0bac4df2b5a48325, type: 3}
      propertyPath: m_Layer
      value: 8
      objectReference: {fileID: 0}
    - target: {fileID: 2300004, guid: 262f7135eba8247d0bac4df2b5a48325, type: 3}
      propertyPath: m_Materials.Array.data[0]
      value: 
      objectReference: {fileID: 2100000, guid: 9d680b991bff24197a2020e14146a8cf, type: 2}
    - target: {fileID: 2300006, guid: 262f7135eba8247d0bac4df2b5a48325, type: 3}
      propertyPath: m_Materials.Array.data[0]
      value: 
      objectReference: {fileID: 2100000, guid: dcc27206c3bb246cf9b3a144878fc2c3, type: 2}
    - target: {fileID: 2300008, guid: 262f7135eba8247d0bac4df2b5a48325, type: 3}
      propertyPath: m_Materials.Array.data[0]
      value: 
      objectReference: {fileID: 2100000, guid: a768403ff3914401db5a8157b59c0b35, type: 2}
    m_RemovedComponents: []
  m_ParentPrefab: {fileID: 100100000, guid: 262f7135eba8247d0bac4df2b5a48325, type: 3}
  m_IsPrefabParent: 0
--- !u!1 &1405776516
GameObject:
  m_ObjectHideFlags: 0
  m_PrefabParentObject: {fileID: 1594104575180736, guid: 8d0a3c5080f204248ab2506d239c7102,
    type: 2}
  m_PrefabInternal: {fileID: 0}
  serializedVersion: 5
  m_Component:
  - component: {fileID: 1405776517}
  - component: {fileID: 1405776519}
  - component: {fileID: 1405776518}
  m_Layer: 5
  m_Name: Text
  m_TagString: Untagged
  m_Icon: {fileID: 0}
  m_NavMeshLayer: 0
  m_StaticEditorFlags: 0
  m_IsActive: 1
--- !u!224 &1405776517
RectTransform:
  m_ObjectHideFlags: 0
  m_PrefabParentObject: {fileID: 224516558785078180, guid: 8d0a3c5080f204248ab2506d239c7102,
    type: 2}
  m_PrefabInternal: {fileID: 0}
  m_GameObject: {fileID: 1405776516}
  m_LocalRotation: {x: 0, y: 0, z: 0, w: 1}
  m_LocalPosition: {x: 0, y: 0, z: 0}
  m_LocalScale: {x: 1, y: 1, z: 1}
  m_Children: []
  m_Father: {fileID: 76767433}
  m_RootOrder: 2
  m_LocalEulerAnglesHint: {x: 0, y: 0, z: 0}
  m_AnchorMin: {x: 0, y: 0}
  m_AnchorMax: {x: 1, y: 1}
  m_AnchoredPosition: {x: 0, y: 0}
  m_SizeDelta: {x: 0, y: 0}
  m_Pivot: {x: 0.5, y: 0.5}
--- !u!114 &1405776518
MonoBehaviour:
  m_ObjectHideFlags: 0
  m_PrefabParentObject: {fileID: 114810193435961712, guid: 8d0a3c5080f204248ab2506d239c7102,
    type: 2}
  m_PrefabInternal: {fileID: 0}
  m_GameObject: {fileID: 1405776516}
  m_Enabled: 1
  m_EditorHideFlags: 0
  m_Script: {fileID: 708705254, guid: f70555f144d8491a825f0804e09c671c, type: 3}
  m_Name: 
  m_EditorClassIdentifier: 
  m_Material: {fileID: 0}
  m_Color: {r: 0.19607843, g: 0.19607843, b: 0.19607843, a: 1}
  m_RaycastTarget: 0
  m_OnCullStateChanged:
    m_PersistentCalls:
      m_Calls: []
    m_TypeName: UnityEngine.UI.MaskableGraphic+CullStateChangedEvent, UnityEngine.UI,
      Version=1.0.0.0, Culture=neutral, PublicKeyToken=null
  m_FontData:
    m_Font: {fileID: 10102, guid: 0000000000000000e000000000000000, type: 0}
    m_FontSize: 23
    m_FontStyle: 0
    m_BestFit: 0
    m_MinSize: 10
    m_MaxSize: 40
    m_Alignment: 4
    m_AlignByGeometry: 0
    m_RichText: 1
    m_HorizontalOverflow: 0
    m_VerticalOverflow: 0
    m_LineSpacing: 1
  m_Text: "\u041D\u0430\u0432\u0435\u0434\u0438\u0441\u044C"
--- !u!222 &1405776519
CanvasRenderer:
  m_ObjectHideFlags: 0
  m_PrefabParentObject: {fileID: 222402183615605802, guid: 8d0a3c5080f204248ab2506d239c7102,
    type: 2}
  m_PrefabInternal: {fileID: 0}
  m_GameObject: {fileID: 1405776516}
--- !u!1001 &1518104461
Prefab:
  m_ObjectHideFlags: 0
  serializedVersion: 2
  m_Modification:
    m_TransformParent: {fileID: 0}
    m_Modifications:
    - target: {fileID: 4045956353606304, guid: 85729526e65994b628eee985061a6e9f, type: 2}
      propertyPath: m_LocalPosition.x
      value: -0.015099943
      objectReference: {fileID: 0}
    - target: {fileID: 4045956353606304, guid: 85729526e65994b628eee985061a6e9f, type: 2}
      propertyPath: m_LocalPosition.y
      value: 0.57904077
      objectReference: {fileID: 0}
    - target: {fileID: 4045956353606304, guid: 85729526e65994b628eee985061a6e9f, type: 2}
      propertyPath: m_LocalPosition.z
      value: 3.1492064
      objectReference: {fileID: 0}
    - target: {fileID: 4045956353606304, guid: 85729526e65994b628eee985061a6e9f, type: 2}
      propertyPath: m_LocalRotation.x
      value: 0
      objectReference: {fileID: 0}
    - target: {fileID: 4045956353606304, guid: 85729526e65994b628eee985061a6e9f, type: 2}
      propertyPath: m_LocalRotation.y
      value: 0
      objectReference: {fileID: 0}
    - target: {fileID: 4045956353606304, guid: 85729526e65994b628eee985061a6e9f, type: 2}
      propertyPath: m_LocalRotation.z
      value: 0
      objectReference: {fileID: 0}
    - target: {fileID: 4045956353606304, guid: 85729526e65994b628eee985061a6e9f, type: 2}
      propertyPath: m_LocalRotation.w
      value: 1
      objectReference: {fileID: 0}
    - target: {fileID: 4045956353606304, guid: 85729526e65994b628eee985061a6e9f, type: 2}
      propertyPath: m_RootOrder
      value: 7
      objectReference: {fileID: 0}
    m_RemovedComponents: []
  m_ParentPrefab: {fileID: 100100000, guid: 85729526e65994b628eee985061a6e9f, type: 2}
  m_IsPrefabParent: 0
--- !u!114 &1518104462 stripped
MonoBehaviour:
  m_PrefabParentObject: {fileID: 114666153046327520, guid: 85729526e65994b628eee985061a6e9f,
    type: 2}
  m_PrefabInternal: {fileID: 1518104461}
  m_Script: {fileID: 11500000, guid: a15247ab08a04d11905899510a83f481, type: 3}
--- !u!1 &1777829099
GameObject:
  m_ObjectHideFlags: 0
  m_PrefabParentObject: {fileID: 1056080597547218, guid: 8d0a3c5080f204248ab2506d239c7102,
    type: 2}
  m_PrefabInternal: {fileID: 0}
  serializedVersion: 5
  m_Component:
  - component: {fileID: 1777829100}
  - component: {fileID: 1777829103}
  - component: {fileID: 1777829102}
  - component: {fileID: 1777829101}
  m_Layer: 5
  m_Name: Button
  m_TagString: Untagged
  m_Icon: {fileID: 0}
  m_NavMeshLayer: 0
  m_StaticEditorFlags: 0
  m_IsActive: 1
--- !u!224 &1777829100
RectTransform:
  m_ObjectHideFlags: 0
  m_PrefabParentObject: {fileID: 224257527716738552, guid: 8d0a3c5080f204248ab2506d239c7102,
    type: 2}
  m_PrefabInternal: {fileID: 0}
  m_GameObject: {fileID: 1777829099}
  m_LocalRotation: {x: -0, y: -0, z: -0, w: 1}
  m_LocalPosition: {x: 0, y: 0, z: 0}
  m_LocalScale: {x: 1, y: 1, z: 1}
  m_Children: []
  m_Father: {fileID: 76767433}
  m_RootOrder: 0
  m_LocalEulerAnglesHint: {x: 0, y: 0, z: 0}
  m_AnchorMin: {x: 0, y: 0}
  m_AnchorMax: {x: 1, y: 1}
  m_AnchoredPosition: {x: -0.00000016391, y: 0}
  m_SizeDelta: {x: 0.00000041723, y: 0}
  m_Pivot: {x: 0.5, y: 0.5}
--- !u!114 &1777829101
MonoBehaviour:
  m_ObjectHideFlags: 0
  m_PrefabParentObject: {fileID: 114784689664369242, guid: 8d0a3c5080f204248ab2506d239c7102,
    type: 2}
  m_PrefabInternal: {fileID: 0}
  m_GameObject: {fileID: 1777829099}
  m_Enabled: 1
  m_EditorHideFlags: 0
  m_Script: {fileID: 1392445389, guid: f70555f144d8491a825f0804e09c671c, type: 3}
  m_Name: 
  m_EditorClassIdentifier: 
  m_Navigation:
    m_Mode: 3
    m_SelectOnUp: {fileID: 0}
    m_SelectOnDown: {fileID: 0}
    m_SelectOnLeft: {fileID: 0}
    m_SelectOnRight: {fileID: 0}
  m_Transition: 1
  m_Colors:
    m_NormalColor: {r: 1, g: 1, b: 1, a: 1}
    m_HighlightedColor: {r: 0.9607843, g: 0.9607843, b: 0.9607843, a: 1}
    m_PressedColor: {r: 0.78431374, g: 0.78431374, b: 0.78431374, a: 1}
    m_DisabledColor: {r: 0.78431374, g: 0.78431374, b: 0.78431374, a: 0.5019608}
    m_ColorMultiplier: 1
    m_FadeDuration: 0.1
  m_SpriteState:
    m_HighlightedSprite: {fileID: 0}
    m_PressedSprite: {fileID: 0}
    m_DisabledSprite: {fileID: 0}
  m_AnimationTriggers:
    m_NormalTrigger: Normal
    m_HighlightedTrigger: Highlighted
    m_PressedTrigger: Pressed
    m_DisabledTrigger: Disabled
  m_Interactable: 1
  m_TargetGraphic: {fileID: 1777829102}
  m_OnClick:
    m_PersistentCalls:
      m_Calls: []
    m_TypeName: UnityEngine.UI.Button+ButtonClickedEvent, UnityEngine.UI, Version=1.0.0.0,
      Culture=neutral, PublicKeyToken=null
--- !u!114 &1777829102
MonoBehaviour:
  m_ObjectHideFlags: 0
  m_PrefabParentObject: {fileID: 114961017185354240, guid: 8d0a3c5080f204248ab2506d239c7102,
    type: 2}
  m_PrefabInternal: {fileID: 0}
  m_GameObject: {fileID: 1777829099}
  m_Enabled: 1
  m_EditorHideFlags: 0
  m_Script: {fileID: -765806418, guid: f70555f144d8491a825f0804e09c671c, type: 3}
  m_Name: 
  m_EditorClassIdentifier: 
  m_Material: {fileID: 0}
  m_Color: {r: 1, g: 1, b: 1, a: 1}
  m_RaycastTarget: 1
  m_OnCullStateChanged:
    m_PersistentCalls:
      m_Calls: []
    m_TypeName: UnityEngine.UI.MaskableGraphic+CullStateChangedEvent, UnityEngine.UI,
      Version=1.0.0.0, Culture=neutral, PublicKeyToken=null
  m_Sprite: {fileID: 21300000, guid: c328c52e8ce154027b998fb2b3f73c95, type: 3}
  m_Type: 0
  m_PreserveAspect: 1
  m_FillCenter: 1
  m_FillMethod: 4
  m_FillAmount: 1
  m_FillClockwise: 1
  m_FillOrigin: 0
--- !u!222 &1777829103
CanvasRenderer:
  m_ObjectHideFlags: 0
  m_PrefabParentObject: {fileID: 222821869097060004, guid: 8d0a3c5080f204248ab2506d239c7102,
    type: 2}
  m_PrefabInternal: {fileID: 0}
  m_GameObject: {fileID: 1777829099}
--- !u!1001 &1812539144
Prefab:
  m_ObjectHideFlags: 0
  serializedVersion: 2
  m_Modification:
    m_TransformParent: {fileID: 0}
    m_Modifications:
    - target: {fileID: 224144755641972514, guid: 8d0a3c5080f204248ab2506d239c7102,
        type: 2}
      propertyPath: m_RootOrder
      value: 6
      objectReference: {fileID: 0}
    - target: {fileID: 224144755641972514, guid: 8d0a3c5080f204248ab2506d239c7102,
        type: 2}
      propertyPath: m_LocalPosition.x
      value: 106.4
      objectReference: {fileID: 0}
    - target: {fileID: 224144755641972514, guid: 8d0a3c5080f204248ab2506d239c7102,
        type: 2}
      propertyPath: m_LocalPosition.y
      value: -14.36
      objectReference: {fileID: 0}
    - target: {fileID: 224144755641972514, guid: 8d0a3c5080f204248ab2506d239c7102,
        type: 2}
      propertyPath: m_LocalPosition.z
      value: 3.4
      objectReference: {fileID: 0}
    - target: {fileID: 224144755641972514, guid: 8d0a3c5080f204248ab2506d239c7102,
        type: 2}
      propertyPath: m_LocalRotation.x
      value: 0
      objectReference: {fileID: 0}
    - target: {fileID: 224144755641972514, guid: 8d0a3c5080f204248ab2506d239c7102,
        type: 2}
      propertyPath: m_LocalRotation.y
      value: 0.7071068
      objectReference: {fileID: 0}
    - target: {fileID: 224144755641972514, guid: 8d0a3c5080f204248ab2506d239c7102,
        type: 2}
      propertyPath: m_LocalRotation.z
      value: 0
      objectReference: {fileID: 0}
    - target: {fileID: 224144755641972514, guid: 8d0a3c5080f204248ab2506d239c7102,
        type: 2}
      propertyPath: m_LocalRotation.w
      value: 0.7071068
      objectReference: {fileID: 0}
    - target: {fileID: 224144755641972514, guid: 8d0a3c5080f204248ab2506d239c7102,
        type: 2}
      propertyPath: m_RootOrder
      value: 6
      objectReference: {fileID: 0}
    - target: {fileID: 224144755641972514, guid: 8d0a3c5080f204248ab2506d239c7102,
        type: 2}
      propertyPath: m_AnchoredPosition.x
      value: 106.4
      objectReference: {fileID: 0}
    - target: {fileID: 224144755641972514, guid: 8d0a3c5080f204248ab2506d239c7102,
        type: 2}
      propertyPath: m_AnchoredPosition.y
      value: -14.36
      objectReference: {fileID: 0}
    - target: {fileID: 224144755641972514, guid: 8d0a3c5080f204248ab2506d239c7102,
        type: 2}
      propertyPath: m_SizeDelta.x
      value: 18.81
      objectReference: {fileID: 0}
    - target: {fileID: 224144755641972514, guid: 8d0a3c5080f204248ab2506d239c7102,
        type: 2}
      propertyPath: m_SizeDelta.y
      value: 18.81
      objectReference: {fileID: 0}
    - target: {fileID: 224144755641972514, guid: 8d0a3c5080f204248ab2506d239c7102,
        type: 2}
      propertyPath: m_AnchorMin.x
      value: 0.5
      objectReference: {fileID: 0}
    - target: {fileID: 224144755641972514, guid: 8d0a3c5080f204248ab2506d239c7102,
        type: 2}
      propertyPath: m_AnchorMin.y
      value: 0.5
      objectReference: {fileID: 0}
    - target: {fileID: 224144755641972514, guid: 8d0a3c5080f204248ab2506d239c7102,
        type: 2}
      propertyPath: m_AnchorMax.x
      value: 0.5
      objectReference: {fileID: 0}
    - target: {fileID: 224144755641972514, guid: 8d0a3c5080f204248ab2506d239c7102,
        type: 2}
      propertyPath: m_AnchorMax.y
      value: 0.5
      objectReference: {fileID: 0}
    - target: {fileID: 224144755641972514, guid: 8d0a3c5080f204248ab2506d239c7102,
        type: 2}
      propertyPath: m_Pivot.x
      value: 0.5
      objectReference: {fileID: 0}
    - target: {fileID: 224144755641972514, guid: 8d0a3c5080f204248ab2506d239c7102,
        type: 2}
      propertyPath: m_Pivot.y
      value: 0.5
      objectReference: {fileID: 0}
    - target: {fileID: 224144755641972514, guid: 8d0a3c5080f204248ab2506d239c7102,
        type: 2}
      propertyPath: m_LocalEulerAnglesHint.y
      value: 90
      objectReference: {fileID: 0}
    - target: {fileID: 224144755641972514, guid: 8d0a3c5080f204248ab2506d239c7102,
        type: 2}
      propertyPath: m_LocalScale.x
      value: 0.5800001
      objectReference: {fileID: 0}
    - target: {fileID: 224144755641972514, guid: 8d0a3c5080f204248ab2506d239c7102,
        type: 2}
      propertyPath: m_LocalScale.y
      value: 0.5800001
      objectReference: {fileID: 0}
    - target: {fileID: 224144755641972514, guid: 8d0a3c5080f204248ab2506d239c7102,
        type: 2}
      propertyPath: m_LocalScale.z
      value: 0.5800001
      objectReference: {fileID: 0}
    - target: {fileID: 114713724893352958, guid: 8d0a3c5080f204248ab2506d239c7102,
        type: 2}
      propertyPath: Method.m_PersistentCalls.m_Calls.Array.data[0].m_Target
      value: 
      objectReference: {fileID: 1518104462}
    - target: {fileID: 114713724893352958, guid: 8d0a3c5080f204248ab2506d239c7102,
        type: 2}
      propertyPath: Method.m_PersistentCalls.m_Calls.Array.data[0].m_MethodName
      value: GoToScence
      objectReference: {fileID: 0}
    - target: {fileID: 114713724893352958, guid: 8d0a3c5080f204248ab2506d239c7102,
        type: 2}
      propertyPath: Method.m_PersistentCalls.m_Calls.Array.data[0].m_Mode
      value: 5
      objectReference: {fileID: 0}
    - target: {fileID: 114713724893352958, guid: 8d0a3c5080f204248ab2506d239c7102,
        type: 2}
      propertyPath: Method.m_PersistentCalls.m_Calls.Array.data[0].m_Arguments.m_StringArgument
      value: TOWER
      objectReference: {fileID: 0}
    m_RemovedComponents: []
  m_ParentPrefab: {fileID: 100100000, guid: 8d0a3c5080f204248ab2506d239c7102, type: 2}
  m_IsPrefabParent: 0
--- !u!1001 &1931154038
Prefab:
  m_ObjectHideFlags: 0
  serializedVersion: 2
  m_Modification:
    m_TransformParent: {fileID: 0}
    m_Modifications:
    - target: {fileID: 4076446774247396, guid: ba3d46ce3c4234dcf9c98476fc6cb1d9, type: 2}
      propertyPath: m_LocalPosition.x
      value: -1.2665707
      objectReference: {fileID: 0}
    - target: {fileID: 4076446774247396, guid: ba3d46ce3c4234dcf9c98476fc6cb1d9, type: 2}
      propertyPath: m_LocalPosition.y
      value: 0.45778036
      objectReference: {fileID: 0}
    - target: {fileID: 4076446774247396, guid: ba3d46ce3c4234dcf9c98476fc6cb1d9, type: 2}
      propertyPath: m_LocalPosition.z
      value: 6.0802555
      objectReference: {fileID: 0}
    - target: {fileID: 4076446774247396, guid: ba3d46ce3c4234dcf9c98476fc6cb1d9, type: 2}
      propertyPath: m_LocalRotation.x
      value: 0
      objectReference: {fileID: 0}
    - target: {fileID: 4076446774247396, guid: ba3d46ce3c4234dcf9c98476fc6cb1d9, type: 2}
      propertyPath: m_LocalRotation.y
      value: 0
      objectReference: {fileID: 0}
    - target: {fileID: 4076446774247396, guid: ba3d46ce3c4234dcf9c98476fc6cb1d9, type: 2}
      propertyPath: m_LocalRotation.z
      value: 0
      objectReference: {fileID: 0}
    - target: {fileID: 4076446774247396, guid: ba3d46ce3c4234dcf9c98476fc6cb1d9, type: 2}
      propertyPath: m_LocalRotation.w
      value: 1
      objectReference: {fileID: 0}
    - target: {fileID: 4076446774247396, guid: ba3d46ce3c4234dcf9c98476fc6cb1d9, type: 2}
      propertyPath: m_RootOrder
      value: 1
      objectReference: {fileID: 0}
    m_RemovedComponents: []
  m_ParentPrefab: {fileID: 100100000, guid: ba3d46ce3c4234dcf9c98476fc6cb1d9, type: 2}
  m_IsPrefabParent: 0
