%YAML 1.1
%TAG !u! tag:unity3d.com,2011:
--- !u!29 &1
OcclusionCullingSettings:
  m_ObjectHideFlags: 0
  serializedVersion: 2
  m_OcclusionBakeSettings:
    smallestOccluder: 5
    smallestHole: 0.25
    backfaceThreshold: 100
  m_SceneGUID: 00000000000000000000000000000000
  m_OcclusionCullingData: {fileID: 0}
--- !u!104 &2
RenderSettings:
  m_ObjectHideFlags: 0
  serializedVersion: 8
  m_Fog: 0
  m_FogColor: {r: 0.5, g: 0.5, b: 0.5, a: 1}
  m_FogMode: 3
  m_FogDensity: 0.01
  m_LinearFogStart: 0
  m_LinearFogEnd: 300
  m_AmbientSkyColor: {r: 0.212, g: 0.227, b: 0.259, a: 1}
  m_AmbientEquatorColor: {r: 0.114, g: 0.125, b: 0.133, a: 1}
  m_AmbientGroundColor: {r: 0.047, g: 0.043, b: 0.035, a: 1}
  m_AmbientIntensity: 3
  m_AmbientMode: 0
  m_SubtractiveShadowColor: {r: 0.42, g: 0.478, b: 0.627, a: 1}
  m_SkyboxMaterial: {fileID: 10304, guid: 0000000000000000f000000000000000, type: 0}
  m_HaloStrength: 0.5
  m_FlareStrength: 1
  m_FlareFadeSpeed: 3
  m_HaloTexture: {fileID: 0}
  m_SpotCookie: {fileID: 10001, guid: 0000000000000000e000000000000000, type: 0}
  m_DefaultReflectionMode: 0
  m_DefaultReflectionResolution: 128
  m_ReflectionBounces: 1
  m_ReflectionIntensity: 1
  m_CustomReflection: {fileID: 0}
  m_Sun: {fileID: 0}
  m_IndirectSpecularColor: {r: 0.37312013, g: 0.3807403, b: 0.35872707, a: 1}
--- !u!157 &3
LightmapSettings:
  m_ObjectHideFlags: 0
  serializedVersion: 11
  m_GIWorkflowMode: 0
  m_GISettings:
    serializedVersion: 2
    m_BounceScale: 1
    m_IndirectOutputScale: 1
    m_AlbedoBoost: 1
    m_TemporalCoherenceThreshold: 1
    m_EnvironmentLightingMode: 0
    m_EnableBakedLightmaps: 1
    m_EnableRealtimeLightmaps: 1
  m_LightmapEditorSettings:
    serializedVersion: 9
    m_Resolution: 2
    m_BakeResolution: 40
    m_TextureWidth: 1024
    m_TextureHeight: 1024
    m_AO: 0
    m_AOMaxDistance: 1
    m_CompAOExponent: 1
    m_CompAOExponentDirect: 0
    m_Padding: 2
    m_LightmapParameters: {fileID: 0}
    m_LightmapsBakeMode: 1
    m_TextureCompression: 1
    m_FinalGather: 0
    m_FinalGatherFiltering: 1
    m_FinalGatherRayCount: 256
    m_ReflectionCompression: 2
    m_MixedBakeMode: 2
    m_BakeBackend: 0
    m_PVRSampling: 1
    m_PVRDirectSampleCount: 32
    m_PVRSampleCount: 500
    m_PVRBounces: 2
    m_PVRFilterTypeDirect: 0
    m_PVRFilterTypeIndirect: 0
    m_PVRFilterTypeAO: 0
    m_PVRFilteringMode: 1
    m_PVRCulling: 1
    m_PVRFilteringGaussRadiusDirect: 1
    m_PVRFilteringGaussRadiusIndirect: 5
    m_PVRFilteringGaussRadiusAO: 2
    m_PVRFilteringAtrousPositionSigmaDirect: 0.5
    m_PVRFilteringAtrousPositionSigmaIndirect: 2
    m_PVRFilteringAtrousPositionSigmaAO: 1
  m_LightingDataAsset: {fileID: 0}
  m_UseShadowmask: 1
--- !u!196 &4
NavMeshSettings:
  serializedVersion: 2
  m_ObjectHideFlags: 0
  m_BuildSettings:
    serializedVersion: 2
    agentTypeID: 0
    agentRadius: 0.5
    agentHeight: 2
    agentSlope: 45
    agentClimb: 0.4
    ledgeDropHeight: 0
    maxJumpAcrossDistance: 0
    minRegionArea: 2
    manualCellSize: 0
    cellSize: 0.16666667
    manualTileSize: 0
    tileSize: 256
    accuratePlacement: 0
    debug:
      m_Flags: 0
  m_NavMeshData: {fileID: 0}
--- !u!1001 &343901886
Prefab:
  m_ObjectHideFlags: 0
  serializedVersion: 2
  m_Modification:
    m_TransformParent: {fileID: 0}
    m_Modifications:
    - target: {fileID: 400000, guid: 262f7135eba8247d0bac4df2b5a48325, type: 3}
      propertyPath: m_LocalPosition.x
      value: -0
      objectReference: {fileID: 0}
    - target: {fileID: 400000, guid: 262f7135eba8247d0bac4df2b5a48325, type: 3}
      propertyPath: m_LocalPosition.y
      value: 0
      objectReference: {fileID: 0}
    - target: {fileID: 400000, guid: 262f7135eba8247d0bac4df2b5a48325, type: 3}
      propertyPath: m_LocalPosition.z
      value: 0
      objectReference: {fileID: 0}
    - target: {fileID: 400000, guid: 262f7135eba8247d0bac4df2b5a48325, type: 3}
      propertyPath: m_LocalRotation.x
      value: 0
      objectReference: {fileID: 0}
    - target: {fileID: 400000, guid: 262f7135eba8247d0bac4df2b5a48325, type: 3}
      propertyPath: m_LocalRotation.y
      value: -0
      objectReference: {fileID: 0}
    - target: {fileID: 400000, guid: 262f7135eba8247d0bac4df2b5a48325, type: 3}
      propertyPath: m_LocalRotation.z
      value: -0
      objectReference: {fileID: 0}
    - target: {fileID: 400000, guid: 262f7135eba8247d0bac4df2b5a48325, type: 3}
      propertyPath: m_LocalRotation.w
      value: 1
      objectReference: {fileID: 0}
    - target: {fileID: 400000, guid: 262f7135eba8247d0bac4df2b5a48325, type: 3}
      propertyPath: m_RootOrder
      value: 1
      objectReference: {fileID: 0}
    m_RemovedComponents: []
  m_ParentPrefab: {fileID: 100100000, guid: 262f7135eba8247d0bac4df2b5a48325, type: 3}
  m_IsPrefabParent: 0
--- !u!1 &1340488663
GameObject:
  m_ObjectHideFlags: 0
  m_PrefabParentObject: {fileID: 0}
  m_PrefabInternal: {fileID: 0}
  serializedVersion: 5
  m_Component:
  - component: {fileID: 1340488667}
  - component: {fileID: 1340488666}
  - component: {fileID: 1340488665}
  - component: {fileID: 1340488664}
  - component: {fileID: 1340488670}
  - component: {fileID: 1340488669}
  - component: {fileID: 1340488668}
  m_Layer: 0
  m_Name: Main Camera
  m_TagString: MainCamera
  m_Icon: {fileID: 0}
  m_NavMeshLayer: 0
  m_StaticEditorFlags: 0
  m_IsActive: 1
--- !u!81 &1340488664
AudioListener:
  m_ObjectHideFlags: 0
  m_PrefabParentObject: {fileID: 0}
  m_PrefabInternal: {fileID: 0}
  m_GameObject: {fileID: 1340488663}
  m_Enabled: 1
--- !u!124 &1340488665
Behaviour:
  m_ObjectHideFlags: 0
  m_PrefabParentObject: {fileID: 0}
  m_PrefabInternal: {fileID: 0}
  m_GameObject: {fileID: 1340488663}
  m_Enabled: 1
--- !u!20 &1340488666
Camera:
  m_ObjectHideFlags: 0
  m_PrefabParentObject: {fileID: 0}
  m_PrefabInternal: {fileID: 0}
  m_GameObject: {fileID: 1340488663}
  m_Enabled: 1
  serializedVersion: 2
  m_ClearFlags: 1
  m_BackGroundColor: {r: 0.19215687, g: 0.3019608, b: 0.4745098, a: 0}
  m_NormalizedViewPortRect:
    serializedVersion: 2
    x: 0
    y: 0
    width: 1
    height: 1
  near clip plane: 0.3
  far clip plane: 1000
  field of view: 60
  orthographic: 0
  orthographic size: 5
  m_Depth: -1
  m_CullingMask:
    serializedVersion: 2
    m_Bits: 4294967295
  m_RenderingPath: -1
  m_TargetTexture: {fileID: 0}
  m_TargetDisplay: 0
  m_TargetEye: 3
  m_HDR: 1
  m_AllowMSAA: 1
  m_ForceIntoRT: 0
  m_OcclusionCulling: 1
  m_StereoConvergence: 10
  m_StereoSeparation: 0.022
--- !u!4 &1340488667
Transform:
  m_ObjectHideFlags: 0
  m_PrefabParentObject: {fileID: 0}
  m_PrefabInternal: {fileID: 0}
  m_GameObject: {fileID: 1340488663}
  m_LocalRotation: {x: 0, y: 0, z: 0, w: 1}
  m_LocalPosition: {x: 0, y: 0, z: 0}
  m_LocalScale: {x: 1, y: 1, z: 1}
  m_Children: []
  m_Father: {fileID: 0}
  m_RootOrder: 0
  m_LocalEulerAnglesHint: {x: 0, y: 0, z: 0}
--- !u!114 &1340488668
MonoBehaviour:
  m_ObjectHideFlags: 0
  m_PrefabParentObject: {fileID: 0}
  m_PrefabInternal: {fileID: 0}
  m_GameObject: {fileID: 1340488663}
  m_Enabled: 1
  m_EditorHideFlags: 0
  m_Script: {fileID: 11500000, guid: 7178c8a73ee69483580eb0960c1a0c46, type: 3}
  m_Name: 
  m_EditorClassIdentifier: 
  AnimMaterials:
  - {fileID: 2800000, guid: 9d9127b04f744dc5aeb98f97affd4056, type: 3}
  - {fileID: 2800000, guid: 9882d7865e934a919e2bbf124b100a14, type: 3}
  - {fileID: 2800000, guid: 2bd0902d04e04efe99eb71851265e0cb, type: 3}
  - {fileID: 2800000, guid: 43eb3901f48344dbaf3772375cd5d21a, type: 3}
  - {fileID: 2800000, guid: 9677a9c1ed4041168c6cfe6205a4bc9d, type: 3}
  - {fileID: 2800000, guid: 84f1a92b4dbd43b49e0a88f40e93d3f3, type: 3}
  - {fileID: 2800000, guid: 75adbd82b822437ca9c62307c4e0e398, type: 3}
  - {fileID: 2800000, guid: 7ebcc2fd661f436f859b580270326d7f, type: 3}
  - {fileID: 2800000, guid: d1df46f7fe144c5bb72745dfaaa91242, type: 3}
  - {fileID: 2800000, guid: bf862cd32a894b5a866de8c01cb45c8b, type: 3}
  - {fileID: 2800000, guid: c30d028f0cd64941a6f4515bcbb8502c, type: 3}
  - {fileID: 2800000, guid: 6bc7e64e64d044c4ab55ee2582961679, type: 3}
  - {fileID: 2800000, guid: 70a6dc380b0e4b8c9f0796f11bcc734b, type: 3}
  - {fileID: 2800000, guid: e06892af8390432fbf12ddb3f60cf59c, type: 3}
  - {fileID: 2800000, guid: 3d8f806c2a4e460aab2f5262f582e4fe, type: 3}
  - {fileID: 2800000, guid: c00ec62c7cce4785939356dbe5614d50, type: 3}
  - {fileID: 2800000, guid: e26bbd6dc1414062b28c0171fadc8689, type: 3}
  - {fileID: 2800000, guid: 209e4ec3b4024ce295ca87b62c56fa98, type: 3}
  - {fileID: 2800000, guid: 254916c5820e4cd791affffd221f4094, type: 3}
  - {fileID: 2800000, guid: f45c57f442b44a159ffa35b88507f888, type: 3}
  - {fileID: 2800000, guid: f7f68265f1e24ef8a531aeb1337c7cf9, type: 3}
  - {fileID: 2800000, guid: f0214314c7ca4b778c9b54c3fb75fe69, type: 3}
  - {fileID: 2800000, guid: c19191fe12d945b5b335d396122e8974, type: 3}
  - {fileID: 2800000, guid: cac85760c2f246b39462386e5950c69e, type: 3}
  - {fileID: 2800000, guid: 5f1da772b12046d69284095d4bb3bc68, type: 3}
  - {fileID: 2800000, guid: c7658c066dfb4c0b90c6a36f816db2ab, type: 3}
  - {fileID: 2800000, guid: 2e2e8f3345a04dffb3e710805630d53a, type: 3}
  - {fileID: 2800000, guid: e00d0d89e6b74444887c82deac6cd36a, type: 3}
  - {fileID: 2800000, guid: 1044f876490147aabcd5f54e1f6efcff, type: 3}
  - {fileID: 2800000, guid: 2deaa7639eac48b69985b6c09762238f, type: 3}
  - {fileID: 2800000, guid: 4d5847e6ebca45aa80a3d6b2271a9f00, type: 3}
  - {fileID: 2800000, guid: b5943b807775419699870ce5a4e7fbda, type: 3}
  - {fileID: 2800000, guid: b8d8b4fb43744ab6bc68122a477773c0, type: 3}
  - {fileID: 2800000, guid: 13495ed173004df6b20b3cc2dda0a202, type: 3}
  - {fileID: 2800000, guid: 60a125eb8c7d4273bfa62a3f6d5c97a5, type: 3}
  - {fileID: 2800000, guid: 9a2bf8319bbe4e1d8d495065ab6cbae0, type: 3}
  - {fileID: 2800000, guid: 66b5847956f541a9a5dcb5b6fd2295fd, type: 3}
  - {fileID: 2800000, guid: 1fa5dfd18b8e4c5f9238e68347eb4ede, type: 3}
  - {fileID: 2800000, guid: 259cc180add848e2a3293ab33270d7b3, type: 3}
  - {fileID: 2800000, guid: 46702ea1715b4a53aac47da0b987b64b, type: 3}
  - {fileID: 2800000, guid: 31ec47af328946d292911585efea0991, type: 3}
  - {fileID: 2800000, guid: 889a8d5ec05b48d0911d81dd4efa28c4, type: 3}
  - {fileID: 2800000, guid: 4b36b101ae2f4fa98ef24ce439d45f5c, type: 3}
  - {fileID: 2800000, guid: 5bee4dda87f843e391e5b294d8452414, type: 3}
  - {fileID: 2800000, guid: 673180d0bd4944d898847e811e1f2174, type: 3}
  - {fileID: 2800000, guid: 43981bd89c44487b8eea811f7a7bf165, type: 3}
  - {fileID: 2800000, guid: a57e4a8737ce4d55b6b675437c88bdfc, type: 3}
  - {fileID: 2800000, guid: 2b4bd80c97504ad79beeac10baa071e2, type: 3}
  - {fileID: 2800000, guid: 5c226b7f9612439ba1d81f8764eee89f, type: 3}
  - {fileID: 2800000, guid: 2f1deae1c6b643ce848eaf32b5e9a4bd, type: 3}
  - {fileID: 2800000, guid: 70eae64dac164a5a9419c8a16056e87b, type: 3}
  - {fileID: 2800000, guid: 78ede493263f4e338913d8522c044c44, type: 3}
  - {fileID: 2800000, guid: 5cb92aef866042489738a0e0d29c02ea, type: 3}
  - {fileID: 2800000, guid: 0c04e0c0772940ab8f1de8c905931a27, type: 3}
  OwnMaterial: {fileID: 2100000, guid: 8e73d21aaa55b47c1b5cef4bc6634894, type: 2}
  OneShot: 0
--- !u!114 &1340488669
MonoBehaviour:
  m_ObjectHideFlags: 0
  m_PrefabParentObject: {fileID: 0}
  m_PrefabInternal: {fileID: 0}
  m_GameObject: {fileID: 1340488663}
  m_Enabled: 1
  m_EditorHideFlags: 0
  m_Script: {fileID: 11500000, guid: 7178c8a73ee69483580eb0960c1a0c46, type: 3}
  m_Name: 
  m_EditorClassIdentifier: 
  AnimMaterials:
  - {fileID: 2800000, guid: 7ec2fbf8e8614c3a86d8c34c885ab0df, type: 3}
  - {fileID: 2800000, guid: 60d17f8e78794c39abcc6750425c39e1, type: 3}
  - {fileID: 2800000, guid: d8487ab946d848d5a82264943b7e1377, type: 3}
  - {fileID: 2800000, guid: 08e6987504a144518509efde953d57c9, type: 3}
  - {fileID: 2800000, guid: d442c0da70c74a00b0e6a4ef8ca1dd2c, type: 3}
  - {fileID: 2800000, guid: e46f5cd5e3f643efb7113c622c58e2ae, type: 3}
  - {fileID: 2800000, guid: 320ba1d111a447a98e47bac4b758b847, type: 3}
  - {fileID: 2800000, guid: 11616310b1b542868466190d70778bac, type: 3}
  - {fileID: 2800000, guid: f20967cce05745089c20cd644e1c40e1, type: 3}
  - {fileID: 2800000, guid: 4f4602f8f5424f3d8926c3765ba1958b, type: 3}
  - {fileID: 2800000, guid: 6897d534096445c1b8975e308baeaa4d, type: 3}
  - {fileID: 2800000, guid: 63e17698739f48fcb4949c822a06cdff, type: 3}
  - {fileID: 2800000, guid: 812458533bdb4eeaae8c6de33c4fb924, type: 3}
  - {fileID: 2800000, guid: 7fd0700415de42218b934cc7b8386013, type: 3}
  - {fileID: 2800000, guid: b71ef4890875417e934bed7346173dfa, type: 3}
  - {fileID: 2800000, guid: fdf627626de34b55b88ff8ca99cb0f0e, type: 3}
  - {fileID: 2800000, guid: acf8b835520343479aebd7b9730adc4d, type: 3}
  - {fileID: 2800000, guid: 015f069b292b4a1ea0ade92430a8f18c, type: 3}
  - {fileID: 2800000, guid: 0ca3ebfa839c4d1c935cdc678952d193, type: 3}
  - {fileID: 2800000, guid: d3975f308001495d8efaf6925a935440, type: 3}
  - {fileID: 2800000, guid: ba55d4c44ab9430c9ba1a1db7e0dfca1, type: 3}
  - {fileID: 2800000, guid: e7ab18825c904e98a398c427ee8711fe, type: 3}
  - {fileID: 2800000, guid: 2a00ef697d9c4c43ba55cf0f9c1b155e, type: 3}
  - {fileID: 2800000, guid: bf972bf6b05a4b9a86236fd3469b7f6e, type: 3}
  - {fileID: 2800000, guid: 796e4aa081f34ba9bc7a966c9debcb25, type: 3}
  - {fileID: 2800000, guid: 0bb78dd792ec46d99540e315e3c5a2de, type: 3}
  - {fileID: 2800000, guid: aa66c16e231b4d1e983b0fb2f12076d7, type: 3}
  - {fileID: 2800000, guid: c2d2b021272a4f1e805b4f80112b486b, type: 3}
  - {fileID: 2800000, guid: e0f047b16ffc479fbf35bf055950dcff, type: 3}
  - {fileID: 2800000, guid: cccd55e0f1b4419f9810f733c8789821, type: 3}
  - {fileID: 2800000, guid: fc24af806789494fad9d96bf612e27ff, type: 3}
  - {fileID: 2800000, guid: d5810b5d15424fa9b4fb374dd12680c0, type: 3}
  - {fileID: 2800000, guid: 55853ecc5a9844149875d4a5d513b123, type: 3}
  - {fileID: 2800000, guid: 67a3920306f9485db1d907fed398be89, type: 3}
  - {fileID: 2800000, guid: 7a84df951c164138a354768e7110f942, type: 3}
  - {fileID: 2800000, guid: 05324cbe0d874d17bc247f8321e0790f, type: 3}
  - {fileID: 2800000, guid: f2a417eebd174132b76e47917faefa71, type: 3}
  - {fileID: 2800000, guid: e423e6e0d22d4ded8bcbc455228a6699, type: 3}
  OwnMaterial: {fileID: 2100000, guid: 9899ef049c2d840e6901fc60717be876, type: 2}
  OneShot: 0
--- !u!114 &1340488670
MonoBehaviour:
  m_ObjectHideFlags: 0
  m_PrefabParentObject: {fileID: 0}
  m_PrefabInternal: {fileID: 0}
  m_GameObject: {fileID: 1340488663}
  m_Enabled: 1
  m_EditorHideFlags: 0
  m_Script: {fileID: 11500000, guid: 7178c8a73ee69483580eb0960c1a0c46, type: 3}
  m_Name: 
  m_EditorClassIdentifier: 
  AnimMaterials:
  - {fileID: 2800000, guid: 84c768c6561d4addaf084ad0c2a72ab4, type: 3}
  - {fileID: 2800000, guid: f52c2db281294ee2860358170c72b8d2, type: 3}
  - {fileID: 2800000, guid: 9c7ec0e782cd4c119018ab8f3b5b774a, type: 3}
  - {fileID: 2800000, guid: 0c5ce99d7ab5472fbe228a8a9a46f5c6, type: 3}
  - {fileID: 2800000, guid: 1c2dac1d27bd43a7aa1b37e0a15f0fce, type: 3}
  - {fileID: 2800000, guid: 1039fb5fc342455a9e35ad6399c229c8, type: 3}
  - {fileID: 2800000, guid: c922eb3b7d994587b09ce54a10845842, type: 3}
  - {fileID: 2800000, guid: 5e94023ac70c483981005fde6b3dca0e, type: 3}
  - {fileID: 2800000, guid: 9018b79e1dbd403aa6b7da3bfbaf018a, type: 3}
  - {fileID: 2800000, guid: 687ba7a5ba6d482faaf58486784ecb93, type: 3}
  - {fileID: 2800000, guid: f149569eff074fc79f7344daf07dc1db, type: 3}
  - {fileID: 2800000, guid: ecab337b606f4b08adf7af396d9bbead, type: 3}
  - {fileID: 2800000, guid: e10e946748aa4405babcd79b0a835b5c, type: 3}
  - {fileID: 2800000, guid: b0b2a6941d7b469881ce9a31585ad5fe, type: 3}
  - {fileID: 2800000, guid: 205283acda864b0fa8de9212acce9847, type: 3}
  - {fileID: 2800000, guid: dff856eb99f64714a6aa7ebece72bbba, type: 3}
  - {fileID: 2800000, guid: d0cb621d549b4d4789ed2a26c076951c, type: 3}
  - {fileID: 2800000, guid: 782bf6d71e694fb9832a49ef9c207e82, type: 3}
  - {fileID: 2800000, guid: c1f51f6a521644d7a5b34c5937fac6d4, type: 3}
  - {fileID: 2800000, guid: 097935b5162c495291c5bf189515fdd8, type: 3}
  - {fileID: 2800000, guid: 6eff16c3efaf45e4869d398746636183, type: 3}
  - {fileID: 2800000, guid: 094a2baa900743d182f24487fb567b15, type: 3}
  - {fileID: 2800000, guid: e26424d6ec644517be3500c7b44e520c, type: 3}
  - {fileID: 2800000, guid: 6e5bb293fec94011817f5f3f4ad58192, type: 3}
  - {fileID: 2800000, guid: 73c927227bb449e9ae55ea90adad1597, type: 3}
  - {fileID: 2800000, guid: ef58c3e3a312418596278fc2e5ee4203, type: 3}
  - {fileID: 2800000, guid: 11498eaa0ed14898a69c83bee85ff7ed, type: 3}
  - {fileID: 2800000, guid: b0b25398334f45e1a2933a5e6587f40d, type: 3}
  - {fileID: 2800000, guid: 27c1a74bdd3f4877976b7557d03fb330, type: 3}
  - {fileID: 2800000, guid: 2af12ff12c564606a8772695ed80915d, type: 3}
  - {fileID: 2800000, guid: f4bbaa99c6714ba089f57fb283df2635, type: 3}
  - {fileID: 2800000, guid: feb24229e43a47d39ac532a674af7a8d, type: 3}
  - {fileID: 2800000, guid: 52fb8886ee99419eb186f4e55691a13a, type: 3}
  - {fileID: 2800000, guid: 707953fa0c29437cbdb6aff74669459d, type: 3}
  - {fileID: 2800000, guid: 961819b5789c4b5c83e314e989906c64, type: 3}
  - {fileID: 2800000, guid: 5fc7745719ec4c9786a35b924d9c03e2, type: 3}
  - {fileID: 2800000, guid: 25f03b17825b44cd91231fe95e7cc7b2, type: 3}
  - {fileID: 2800000, guid: a0224d6725494fd3a11612d9d463f7e7, type: 3}
  - {fileID: 2800000, guid: c34cd136beae4abe83cf45e9649861fa, type: 3}
  - {fileID: 2800000, guid: 385a892375f840b4a80a20b4c859a558, type: 3}
  - {fileID: 2800000, guid: 7d8c29afad0642c4a07dbb4287a2b045, type: 3}
  - {fileID: 2800000, guid: 3b3ddf500f504c919b79375ddfeed678, type: 3}
  - {fileID: 2800000, guid: 6ba6db8e08db4d569c7608d521563859, type: 3}
  - {fileID: 2800000, guid: f96658f2634044d8a7988b3ffd1a15a3, type: 3}
  - {fileID: 2800000, guid: 2aef7056f38b43ca85f883e2f2599183, type: 3}
  - {fileID: 2800000, guid: 35f471074fec420182d466a57faff6d6, type: 3}
  - {fileID: 2800000, guid: aa2ae81ec22a4a0eac8480595986ec16, type: 3}
  - {fileID: 2800000, guid: b2394f4edd004af1a55d72498d29ab66, type: 3}
  - {fileID: 2800000, guid: 57eeaae36e7b48ed931eee8af0818c21, type: 3}
  - {fileID: 2800000, guid: 4221f6d3644343b8bea1422e9650a77c, type: 3}
  - {fileID: 2800000, guid: 117bafaf673542719a2e04436eea1484, type: 3}
  - {fileID: 2800000, guid: a073c6ec3ea44142845e88fd4611f3fc, type: 3}
  - {fileID: 2800000, guid: 54dd382b7de84f41b8f9df135146c787, type: 3}
  - {fileID: 2800000, guid: 88805fae9da64f6d90f40f9c67337e1c, type: 3}
  - {fileID: 2800000, guid: f0ecad30be2441988906ec988e7ff726, type: 3}
  - {fileID: 2800000, guid: 3d3d0d52498149ee9dc1f73717411be7, type: 3}
  - {fileID: 2800000, guid: 45593b3cb9244c7897d0929dd603e55c, type: 3}
  - {fileID: 2800000, guid: d79831dde5b2470fb43783b1b5cd2048, type: 3}
  - {fileID: 2800000, guid: 82643a60963243b29b1d3a2ab4e0aa4c, type: 3}
  - {fileID: 2800000, guid: 75a3cdbf47144ddcb58b78d7db1e880d, type: 3}
  - {fileID: 2800000, guid: fbd85c549bcb4bb3b8daebfff8f53038, type: 3}
  - {fileID: 2800000, guid: c5a8c18c01c7423f9ccc5ecaa64fef19, type: 3}
  - {fileID: 2800000, guid: cea6d89e6a85496f983065d13223d57b, type: 3}
  - {fileID: 2800000, guid: 03c891a4461c4efe8dba4ab017dddd66, type: 3}
  - {fileID: 2800000, guid: 3d2fef0b972a421599edb4b713f8cfe4, type: 3}
  - {fileID: 2800000, guid: e276d5058d2a4169bed6c5bb025ec3d5, type: 3}
  - {fileID: 2800000, guid: cdd0fe0afe214ad08540c3791918cf21, type: 3}
  - {fileID: 2800000, guid: 678b0d2a37894829a7aacd868ed4186a, type: 3}
  - {fileID: 2800000, guid: b5b563d175c3440aa6d8477b6fbc7c67, type: 3}
  - {fileID: 2800000, guid: 3c8660b2212a4b1597b6f11d94f94395, type: 3}
  - {fileID: 2800000, guid: 36e7db8dc639410b999fe53ba71a99a0, type: 3}
  - {fileID: 2800000, guid: 6b9b8ec8e009442ba7780262573203f7, type: 3}
  - {fileID: 2800000, guid: 2c170172f8e94b2ab2fae3fc27c2a900, type: 3}
  - {fileID: 2800000, guid: f1ce1122abd949d49f0602a23a2874b6, type: 3}
  - {fileID: 2800000, guid: 7247ae79f6e94906b87bdcdd98e6c5f5, type: 3}
  - {fileID: 2800000, guid: f90c3ce63c0c4e0c82e9ef00b2da6a91, type: 3}
  - {fileID: 2800000, guid: 48627bf4e6b14172ba72b580809512d2, type: 3}
  - {fileID: 2800000, guid: bdd060241e18482da7153e9ca0620898, type: 3}
  - {fileID: 2800000, guid: 1c38bd1a0e3441919bc607c6011217ac, type: 3}
  - {fileID: 2800000, guid: ceec70ebbe214a288983ea6f989cdbdd, type: 3}
  - {fileID: 2800000, guid: 99e8688a51cb4d31a9e4a8c15b8c6e9d, type: 3}
  - {fileID: 2800000, guid: 18194fcbc1334434a56115d36029d95a, type: 3}
  OwnMaterial: {fileID: 2100000, guid: 1d9416089146c496db44a9acee7905e2, type: 2}
  OneShot: 0
